@article{lamport1994latex,
  title   = {LaTeX: A Document Preparation System},
  author  = {Lamport, Leslie},
  journal = {Addison-Wesley},
  year    = {1994}
}

@book{kopka2003guide,
  title     = {A Guide to LaTeX},
  author    = {Kopka, Helmut and Daly, Patrick W.},
  year      = {2003},
  publisher = {Addison-Wesley}
}
